<record><leader>00000cas a22000007a 4500</leader><controlfield tag="001">15201715</controlfield><controlfield tag="008">870216d18431843msuwr ne      0   a0eng d</controlfield><datafield ind1=" " ind2=" " tag="010"><subfield code="a">sn 87090168 </subfield></datafield><datafield ind1=" " ind2=" " tag="040"><subfield code="a">PPM</subfield><subfield code="b">eng</subfield><subfield code="c">PPM</subfield><subfield code="d">MSJ</subfield><subfield code="d">OCLCQ</subfield><subfield code="d">DLC</subfield></datafield><datafield ind1="0" ind2=" " tag="022"><subfield code="a">2470-010X</subfield><subfield code="2">1</subfield></datafield><datafield ind1=" " ind2=" " tag="042"><subfield code="a">msc</subfield><subfield code="a">nsdp</subfield></datafield><datafield ind1=" " ind2=" " tag="043"><subfield code="a">n-us-ms</subfield></datafield><datafield ind1="0" ind2="0" tag="050"><subfield code="a">Newspaper</subfield></datafield><datafield ind1="1" ind2="0" tag="082"><subfield code="a">071</subfield><subfield code="2">23</subfield></datafield><datafield ind1=" " ind2="0" tag="222"><subfield code="a">Ponola weekly register</subfield><subfield code="b">(Print)</subfield></datafield><datafield ind1="0" ind2="0" tag="245"><subfield code="a">Ponola [sic] weekly register.</subfield></datafield><datafield ind1="3" ind2="0" tag="246"><subfield code="a">Panola weekly register</subfield></datafield><datafield ind1="1" ind2="3" tag="246"><subfield code="a">Register</subfield></datafield><datafield ind1=" " ind2=" " tag="260"><subfield code="a">Ponola [sic], Miss. :</subfield><subfield code="b">F.A. Tyler,</subfield><subfield code="c">1843.</subfield></datafield><datafield ind1=" " ind2=" " tag="310"><subfield code="a">Weekly</subfield></datafield><datafield ind1="0" ind2=" " tag="362"><subfield code="a">Vol. 1, no. 1 (Mar. 15, 1843)-v. 1, no. 20 (July 29, 1843).</subfield></datafield><datafield ind1=" " ind2=" " tag="530"><subfield code="a">Archived issues are available in digital format from the Library of Congress Chronicling America online collection.</subfield></datafield><datafield ind1=" " ind2="0" tag="651"><subfield code="a">Panola County (Miss.)</subfield><subfield code="v">Newspapers.</subfield></datafield><datafield ind1=" " ind2=" " tag="752"><subfield code="a">United States</subfield><subfield code="b">Mississippi</subfield><subfield code="c">Panola</subfield><subfield code="d">Panola.</subfield></datafield><datafield ind1="0" ind2="8" tag="776"><subfield code="i">Online version:</subfield><subfield code="t">Ponola weekly register</subfield><subfield code="x">2470-0118</subfield><subfield code="w">(DLC)  2015270736</subfield><subfield code="w">(OCoLC)932285985</subfield></datafield><datafield ind1="0" ind2="0" tag="780"><subfield code="t">Weekly register (Grenada, Miss. : 1842)</subfield><subfield code="w">(DLC)sn 83016780</subfield><subfield code="w">(OCoLC)10111714</subfield></datafield><datafield ind1="0" ind2="0" tag="785"><subfield code="t">Weekly register (Panola, Miss.)</subfield><subfield code="w">(DLC)sn 87090169</subfield><subfield code="w">(OCoLC)15201713</subfield></datafield><datafield ind1="4" ind2="1" tag="856"><subfield code="u">http://www.loc.gov/chroniclingamerica/lccn/sn87090168/issues</subfield></datafield></record>